@MISC{Chen2012pbdMPIpackage,
  author = {Chen, W.-C. and Ostrouchov, G. and Schmidt, D. and Patel, P. and
            Yu, H.},
  title = {pbdMPI: Programming with Big Data -- Interface to MPI},
  year = {2012},
  note = {R Package},
  url = {http://cran.r-project.org/package=pbdMPI}
}
@MISC{Chen2012pbdMPIvignette,
  author = {Chen, W.-C. and Ostrouchov, G. and Schmidt, D. and Patel, P. and
            Yu, H.},
  title = {A Quick Guide for the pbdMPI package},
  year = {2012},
  note = {R Vignette},
  url = {http://cran.r-project.org/package=pbdMPI}
}
@MISC{Chen2012pbdSLAPpackage,
  author = {Chen, W.-C. and Schmidt, D. and Ostrouchov, G. and Patel, P.},
  title = {pbdSLAP: Programming with Big Data --
           Scalable Linear Algebra Packages},
  year = {2012},
  note = {R Package},
  url = {http://cran.r-project.org/package=pbdSLAP}
}
@MISC{Chen2012pbdSLAPvignette,
  author = {Chen, W.-C. and Schmidt, D. and Ostrouchov, G. and Patel, P.},
  title = {A Quick Guide for the pbdSLAP package},
  year = {2012},
  note = {R Vignette},
  url = {http://cran.r-project.org/package=pbdSLAP}
}
@MISC{Schmidt2012pbdBASEpackage,
  author = {Schmidt, D. and Chen, W.-C. and Ostrouchov, G. and Patel, P.},
  title = {pbdBASE: Programming with Big Data --
           Core pbd Classes and Methods},
  year = {2012},
  note = {R Package},
  url = {http://cran.r-project.org/package=pbdBASE}
}
@MISC{Schmidt2012pbdBASEvignette,
  author = {Schmidt, D. and Chen, W.-C. and Ostrouchov, G. and Patel, P.},
  title = {A Quick Guide for the pbdBASE package},
  year = {2012},
  note = {R Vignette},
  url = {http://cran.r-project.org/package=pbdBASE}
}
@MISC{Schmidt2012pbdDMATpackage,
  author = {Schmidt, D. and Chen, W.-C. and Ostrouchov, G. and Patel, P.},
  title = {pbdDMAT: Programming with Big Data --
           Distributed Matrix Algebra Computation},
  year = {2012},
  note = {R Package},
  url = {http://cran.r-project.org/package=pbdDMAT}
}
@MISC{Schmidt2012pbdDMATvignette,
  author = {Schmidt, D. and Chen, W.-C. and Ostrouchov, G. and Patel, P.},
  title = {A Quick Guide for the pbdDMAT package},
  year = {2012},
  note = {R Vignette},
  url = {http://cran.r-project.org/package=pbdDMAT}
}
@MISC{Schmidt2012pbdDEMOpackage,
  author = {Schmidt, D. and Chen, W.-C. and Ostrouchov, G. and Patel, P.},
  title = {pbdDEMO: Programming with Big Data --
           Demonstrations of pbd Packages},
  year = {2012},
  note = {R Package},
  url = {http://cran.r-project.org/package=pbdDEMO}
}
@MISC{Schmidt2012pbdDEMOvignette,
  author = {Schmidt, D. and Chen, W.-C. and Ostrouchov, G. and Patel, P.},
  title = {A Quick Guide for the pbdDEMO package},
  year = {2012},
  note = {R Vignette},
  url = {http://cran.r-project.org/package=pbdDEMO}
}


@MISC{pbdR2012,
  author = {Ostrouchov, G. and Chen, W.-C. and Schmidt, D. and Patel, P.},
  title = {Programming with Big Data in R},
  year = {2012},
  url = {http://r-pbd.org/}
}
@Manual{Rcore,
  title = {R: A Language and Environment for Statistical Computing},
  author = {{R Core Team}},
  organization = {R Foundation for Statistical Computing},
  address = {Vienna, Austria},
  year = {2012},
  note = {{ISBN} 3-900051-07-0},
  url = {http://www.r-project.org/},
}
@MISC{hpsc2011,
  author = {Chen, W.-C. and Ostrouchov, G.},
  title = {HPSC -- High Performance Statistical Computing for Data
           Intensive Research},
  year = {2011},
  note = {URL http://thirteen-01.stat.iastate.edu/snoweye/hpsc/}
}


@Manual{sqldf,
  title = {sqldf: Perform SQL Selects on R Data Frames},
  author = {G. Grothendieck},
  year = {2012},
  note = {R package version 0.4-6.4},
  url = {http://CRAN.R-project.org/package=sqldf},
}
